@article{clt,
  title={A central limit theorem and a strong mixing condition},
  author={Rosenblatt, Murray},
  journal={Proceedings of the National Academy of Sciences},
  volume={42},
  number={1},
  pages={43--47},
  year={1956},
  publisher={National Acad Sciences}
}
